% This file was created with JabRef 2.8.1.
% Encoding: UTF8

