% This file was created with JabRef 2.8.1.
% Encoding: UTF8

 %entre 5 et 10 références (avec au moins 5 références qui ne sont pas des liens de pages Web, mais plutôt des articles ou livres, de préférence à valeur scientifique cad publiés dans une conférence ou journal scientifique)
 
 
@Book{trilles02,
author={F.TRILLES},
publisher={CNFPT},
title={Les techniques et méthodes de l’entraînement sportif},
year={2002}
}

 
@Book{ferre98,
author={J.FERRE, B.PHILIPPE, P.LEROUX, B.SANOU},
publisher={Amphora},
title={Dictionnaire des APS},
year={1998}
}

@Book{cazorlal97,
author={G.CAZORLA E.THILL, R.THOMAS, J.CAJA},
publisher={Vigot},
title={Manuel de l’Educateur Sportif, préparation au brevet d’Etat 1er et 2ème degrés},
year={1997}
}

@Book{whitaker14,
author={T.WHITAKER, R.HAWORTH},
publisher={Routledge},
title={What Great Coaches Do Differently: 11 Elements of Effective Coaching},
year={2014}
}

@article{guerci12,
    author  = "B.GUERCI",
    title   = "Le glucose dans le liquide interstitiel",
    year    = "2012",
    journal = " Diabète \& Obésité",
    volume  = "7",
    number  = "57",
    pages   = "81--88"
}

@article{samuel08,
    author  = "C.SAMUEL",
    title   = "Sleep, Recovery, and Performance: The New Frontier in High-Performance Athletics",
    year    = "2008",
    journal = " Neurologic Clinics",
    number  = "26",
    pages   = "169–-180"
}

@misc{cerisier15,
  author = "N.CERISIER",
  title = "Gérer la récupération immédiate",
  howpublished = {http://www.autourdutrail.com/2015/12/gerer-la-recuperation-immediate.html},
  month = "Decembre",
  year = "2015"
}

@misc{ziane,
  author = {R.ZIANE},
  title = {L’entraînement invisible : qu’est-ce que c’est ?},
  howpublished = {https://www.valdemarne.fr/newsletters/lettre-sport-sante-et-preparation-physique/lentrainement-invisible-quest-ce-que-cest}
}

@misc{franck17,
  author = {C.FRANCK},
  title = {L’entrainement invisible mais permanent},
  howpublished = {https://www.e-s-c.fr/entrainement-invisible.php},
  month = "Juin",
  year = "2017"
}

@Book{lerner07,
author={K. LEE LERNER, B.WILMOTH LERNER},
publisher={Gale},
title={World of Sports Science},
year={2007}
}

@mastersthesis{leuregans17,
author={C.LEUREGANS},
publisher={Gale},
title={La technologie dans le cadre de
l’entraînement de natation},
school = "Université Paris Nanterre",
year={2017}
}


@misc{mathieu15,
  author = {C. MATHIEU},
  title = {Les filières énergétiques : Aérobie, Anaérobie Alactique et Lactique},
  howpublished = {http://couloir4.com/les-filieres-energetiques-aerobie-anaerobie-lactique-et-alactique/},
  month = "Janvier",
  year = "2015"
}

@misc{sporTech,
  author = {SporTech},
  title = {Energie de l'effort physique},
  howpublished = {http://sportech.online.fr/sptc_idx.php?pge=spfr_src.html}
}




